@article{kiwiel2005floyd,
  title={On Floyd and Rivest's SELECT algorithm},
  author={Kiwiel, Krzysztof C},
  journal={Theoretical Computer Science},
  volume={347},
  number={1-2},
  pages={214--238},
  year={2005},
  publisher={Elsevier}
}

@article{floyd1975algorithm,
  title={Algorithm 489: The algorithm SELECTâ€”For finding the i th smallest of n elements [m1]},
  author={Floyd, Robert W and Rivest, Ronald L},
  journal={Communications of the ACM},
  volume={18},
  number={3},
  pages={173},
  year={1975},
  publisher={ACM New York, NY, USA}
}